<collection xmlns="http://www.loc.gov/MARC21/slim">
<record>
  <leader>01256nam0a2200253 i 450 </leader>
  <controlfield tag="001">IT\ICCU\CNCE\038136</controlfield>
  <controlfield tag="005">20130102000000.0</controlfield>
  <datafield tag="012" ind1=" " ind2=" ">
    <subfield code="a">e-to r-di rora IoLe (C) 1587 (R)</subfield>
    <subfield code="2">fei</subfield>
  </datafield>
  <datafield tag="100" ind1=" " ind2=" ">
    <subfield code="a">19981027d1587        0itac0103    ba</subfield>
  </datafield>
  <datafield tag="101" ind1=" " ind2=" ">
    <subfield code="a">ITA</subfield>
  </datafield>
  <datafield tag="102" ind1=" " ind2=" ">
    <subfield code="a">IT</subfield>
  </datafield>
  <datafield tag="200" ind1="1" ind2=" ">
    <subfield code="a">Risposta di Mattheo Bidello dello Studio di Cesena. Al parere d&apos;incognito oppositore fatto sopra la canzone Mostra l&apos;altera fronte</subfield>
  </datafield>
  <datafield tag="210" ind1=" " ind2=" ">
    <subfield code="a">In Cesena</subfield>
    <subfield code="c">per Bartolomeo Rauerij</subfield>
    <subfield code="d">1587</subfield>
    <subfield code="e">In Cesena</subfield>
    <subfield code="g">appresso Bartolomeo Rauerij</subfield>
    <subfield code="h">1587</subfield>
  </datafield>
  <datafield tag="215" ind1=" " ind2=" ">
    <subfield code="a">\44! c.</subfield>
    <subfield code="d">8ʻ</subfield>
  </datafield>
  <datafield tag="620" ind1=" " ind2=" ">
    <subfield code="a">IT</subfield>
    <subfield code="d">Cesena</subfield>
  </datafield>
  <datafield tag="700" ind1=" " ind2="1">
    <subfield code="a">Poletti,</subfield>
    <subfield code="b">Matteo</subfield>
    <subfield code="3">IT\ICCU\CNCA\029736</subfield>
  </datafield>
  <datafield tag="712" ind1="0" ind2="0">
    <subfield code="a">Raverio, Bartolomeo</subfield>
    <subfield code="3">IT\ICCU\CNCT\000836</subfield>
    <subfield code="4">650</subfield>
  </datafield>
  <datafield tag="790" ind1=" " ind2="1">
    <subfield code="a">Bidello,</subfield>
    <subfield code="b">Matteo</subfield>
    <subfield code="3">IT\ICCU\CNCA\029737</subfield>
    <subfield code="z">Poletti, Matteo</subfield>
  </datafield>
  <datafield tag="791" ind1="0" ind2="0">
    <subfield code="a">Raverius, Bartholomaeus</subfield>
    <subfield code="3">IT\ICCU\CNCT\005321</subfield>
    <subfield code="z">Raverio, Bartolomeo</subfield>
  </datafield>
  <datafield tag="791" ind1="0" ind2="0">
    <subfield code="a">Raverii, Bartolomeo</subfield>
    <subfield code="3">IT\ICCU\CNCT\005322</subfield>
    <subfield code="z">Raverio, Bartolomeo</subfield>
  </datafield>
  <datafield tag="801" ind1=" " ind2="3">
    <subfield code="a">IT</subfield>
    <subfield code="b">ICCU</subfield>
    <subfield code="c">20201114</subfield>
  </datafield>
  <datafield tag="899" ind1=" " ind2=" ">
    <subfield code="a">Biblioteca comunale Teresiana. Mantova</subfield>
    <subfield code="1">MN0035</subfield>
    <subfield code="2">LO1 12</subfield>
  </datafield>
  <datafield tag="911" ind1=" " ind2=" ">
    <subfield code="a">Sul colophon</subfield>
    <subfield code="9">IT\ICCU\CNCM\000426</subfield>
  </datafield>
  <datafield tag="921" ind1=" " ind2=" ">
    <subfield code="a">IT\ICCU\CNCM\000426</subfield>
    <subfield code="b">Cigno ad ali spiegate sulla riva di un fiume tiene nel becco un nastro con il motto. In cornice figurata</subfield>
    <subfield code="e">Eternitati.</subfield>
    <subfield code="c">V37</subfield>
    <subfield code="c">Z351</subfield>
    <subfield code="d">Dimensioni: 6 x 7</subfield>
    <subfield code="f">ETERNITATI</subfield>
    <subfield code="f">FENICE</subfield>
    <subfield code="g">1576-1600</subfield>
  </datafield>
</record>
</collection>
